@book{fogg2003,
  author    = {B.J. Fogg},
  title     = {Persuasive technology: using computers to change what we think and do},
  publisher = {Morgan Kaufmann Publishers},
  year      = {2003},
  address   = {Boston},
  pages     = {30--35}
}

@article{hirsh2002,
  author  = {T. Hirsh and M.H. Coen and M.C. Mozer and R. Hasha and J.L. Flanagan},
  title   = {Room service, AI-style},
  journal = {IEEE Intelligent Systems},
  year    = {2002},
  volume  = {14},
  number  = {2},
  pages   = {8--19}
}

@book{eckes2000,
  author    = {T. Eckes},
  title     = {The Developmental Social Psychology of Gender},
  publisher = {Lawrence Erlbaum},
  year      = {2000},
  note      = {[E-book] Available: netLibrary e-book}
}